@inproceedings{li2002design,
author = {{Ninghui Li} and Mitchell, J.C. and Winsborough, W.H.},
booktitle = {Symposium on Security and Privacy},
doi = {10.1109/SECPRI.2002.1004366},
isbn = {0-7695-1543-6},
pages = {114--130},
publisher = {IEEE Comput. Soc},
title = {{Design of a role-based trust-management framework}},
year = {2002},
keywords = {own}
}

@inproceedings{Yuan2005,
author = {Yuan, E. and Tong, J.},
booktitle = {International Conference on Web Services (ICWS)},
doi = {10.1109/ICWS.2005.25},
isbn = {0-7695-2409-5},
keywords = {Access control,Authorization,Collaboration,Government,Information security,Internet,Joining processes,Open source software,Protocols,RDF,Service oriented architecture,Web services,attribute based access control,authorisation,authorization architecture,information sharing,open systems,open-source tool,service oriented architectures,standard protocol,system-to-system interfaces,user interfaces},
language = {English},
mendeley-tags = {RDF},
pages = {569},
publisher = {IEEE},
title = {{Attributed based access control (ABAC) for Web services}},
year = {2005}
}

@incollection{Auer2007,
author = {Auer, S{\"{o}}ren and Bizer, Christian and Kobilarov, Georgi and Lehmann, Jens and Cyganiak, Richard and Ives, Zachary},
booktitle = {The Semantic Web (ISWC)},
doi = {10.1007/978-3-540-76298-0_52},
keywords = {Ontology},
mendeley-tags = {Ontology},
pages = {722--735},
publisher = {Springer},
title = {{DBpedia: A Nucleus for a Web of Open Data}},
year = {2007},
keywords = {web}
}

@techreport{Heflin2004,
abstract = {This document specifies usage scenarios, goals and requirements for a web ontology language. An ontology formally defines a common set of terms that are used to describe and represent a domain. Ontologies can be used by automated tools to power advanced services such as more accurate web search, intelligent software agents and knowledge management.},
annote = {http://www.w3.org/TR/2004/REC-webont-req-20040210/},
author = {Heflin, Jeff},
institution = {World Wide Web Consortium (W3C)},
keywords = {W3C},
title = {{OWL Web Ontology Language - Use Cases and Requirements}},
type = {W3C Recommendation},
url = {http://www.w3.org/TR/2004/REC-webont-req-20040210/},
year = {2004},
}

@inproceedings{Karimi2015,
address = {Canada},
author = {Karimi, Hassan and Hashemi, Mahdi},
booktitle = {10th EAI International Conference on Testbeds and Research Infrastructures for the Development of Networks {\&} Communities},
doi = {10.4108/icst.tridentcom.2015.259709},
isbn = {978-1-63190-070-9},
keywords = {accessibility,accessibility database,accessible wayfinding,people with disabilities,visualization},
month = {jun},
number = {2},
pages = {1----8},
publisher = {ACM},
title = {{Accessible Wayfinding Testbed: Infrastructure and Components}},
volume = {15},
year = {2015}
}

@techreport{intel_dpdk_perf,
    title = {{Intel Ethernet's Performance Report with DPDK 22.11}},
    url = {https://fast.dpdk.org/doc/perf/DPDK_22_11_Intel_NIC_performance_report.pdf},
}

@techreport{dpdk_guide_page,
    title = {DPDK guide},
    url = {https://doc.dpdk.org/guides/index.html},
}

@techreport{old_dpdk_page,
    title = {DPDK old page},
    url = {https://old.dpdk.org/},
}

@techreport{vmware_sriov,
	title = {{What is Single Root I/O Virtualization (SR-IOV)}},
	url = {https://docs.vmware.com/en/VMware-vSphere/8.0/vsphere-networking/GUID-CC021803-30EA-444D-BCBE-618E0D836B9F.html},
}

@techreport{Interconnect_Technologies_500_supercomp,
	title = {{Interconnect Technologies of top 500 super computer 2023}},
	url = {https://www.top500.org/lists/top500/2023/06/highs/},
}

@techreport{ibm_sriov,
	title = {{Single root I/O virtualization}},
	url = {https://www.ibm.com/docs/en/power9?topic=networking-single-root-io-virtualization},
}

@techreport{intel_sriov,
	title = {{An Introduction to SR-IOV Technology}},
	url = {www.intel.com/content/www/us/en/pci-express/pci-sig-sr-iov-primer-sr-iov-technology-paper.html},
}

@techreport{infiniband_roadmap,
	title = {{Infiniband Roadmap}},
	url = {https://www.infinibandta.org/infiniband-roadmap/#},
}

@techreport{ethernet_roadmap,
	title = {{Ethernet Roadmap}},
	url = {https://ethernetalliance.org/wp-content/uploads/2023/03/EthernetRoadmap-2023-Website-REV-March-17.pdf},
}

@techreport{amd_infinity_architecture,
	title = {{AMD Infinity Architecture}},
	url = {https://www.amd.com/en/technologies/infinity-architecture},
}

@techreport{open_baton,
	title = {{Open Baton: A Framework for Virtual Network Function Management and Orchestration for Emerging Software-Based 5G Networks}},
	url = {https://sdn.ieee.org/newsletter/july-2016/open-baton},
}

@techreport{rfc4380_Teredo_ipv6_tunnel_udp,
	title = {{Teredo: Tunneling IPv6 over UDP through Network Address Translations (NATs)}},
	url = {https://www.rfc-editor.org/rfc/rfc4380.html},
}

@techreport{rfc4251_ssh_protocol,
	title = {{The Secure Shell (SSH) Protocol Architecture}},
	url = {https://datatracker.ietf.org/doc/html/rfc4251},
}

@techreport{openvpn_white_pp_2010,
	title = {{OpenVPN White Paper 2010}},
	url = {https://openvpn.net/images/pdf/OpenVPN_WhitepaperJuly2010.pdf},
}

@techreport{3gpp_5g_system_overview,
	title = {{ 5G System Overview }},
	url = {https://www.3gpp.org/technologies/5g-system-overview},
}

@techreport{3gpp_5g_system_architect_spec_release_18,
	title = {{3GPP System architecture for the 5G System, release 18 }},
	url = {https://portal.3gpp.org/desktopmodules/Specifications/SpecificationDetails.aspx?specificationId=3144},
}

@techreport{3gpp_gptu,
	title = {{3GPP GTPv1-U, release 8}},
	url = {https://portal.3gpp.org/desktopmodules/Specifications/SpecificationDetails.aspx?specificationId=1699},
}

@techreport{open5gs_github_dpdk,
	title = {{Open5GS Github: Using dpdk or vpp in the upf for user plane will be a good idea}},
	url = {https://github.com/open5gs/open5gs/issues/759},
}

@techreport{open5gs_github_udp_perf_cap,
	title = {{Open5GS Github: UDP performance cap}},
	url = {https://github.com/open5gs/open5gs/issues/1035},
}

@techreport{dpdk_upf_extension,
	title = {5G-UPF Flow Based QoS using VPP and DPDK},
	url = {https://www.dpdk.org/wp-content/uploads/sites/35/2020/11/5G-UPF-QoS-DPDK-FDIO-09-Mar-2019-2.pdf},
}


@techreport{zte_upf_full_whitepaper,
	title = {{ZTE's Full-Scenario UPF Deployment White Paper}},
	url = {https://res-www.zte.com.cn/mediares/zte/Files/newsolution/Wireless/CCN/hexinwang/whitepaper/ZTE_Full-Scenario_UPF_Deployment_White_Paper.pdf},
}

@techreport{nec_upf_whitepaper,
	title = {White paper: NEC's UPF maximizes 5G value with high performance and flexibility in containerized, virtualized or physical deployments},
	url = {https://www.nec.com/en/global/solutions/5g/download/pdf/NEC_UPF_Whitepaper.pdf},
}

@techreport{openstack_sriov,
	title = {{Openstack's SR-IOV documentation}},
	url = {https://docs.openstack.org/neutron/queens/admin/config-sriov.html},
}

@techreport{zte_5g_core_upf_impl,
	title = {{ZTE}'s {High} {Performance} {5G} {Core} {Network} {UPF} {Implementation}},	
	url = {https://www.intel.com/content/www/us/en/wireless-network/zte-high-performance-5g-core-network-upf-paper.html},
}

@techreport{nec_hite_paper_upf_perf,
	title = {NEC UPF Whitepaper},	
	url = {https://www.nec.com/en/global/solutions/5g/download/pdf/NEC_UPF_Whitepaper.pdf},
}

@techreport{eCPRI_spec,
	title = {eCPRI Specification V2.0},	
	url = {http://www.cpri.info/downloads/eCPRI_v_2.0_2019_05_10c.pdf},
}

@techreport{Bonaventure_mptcp_decoupling,
	title = {Decoupling TCP from IP with Multipath TCP},	
	url = {https://multipath-tcp.org/data/MultipathTCP-netsys.pdf},
}

@techreport{intel_ddp_ethernet_800,
	title = {Intel Techguide: Intel's Ethernet Controller E810 Dynamic Device Personalization},	
	url = {https://cdrdv2-public.intel.com/617015/617015_E810%20DDP%20TechGuide_Rev2.6.pdf},
}

@techreport{iovisor_page,
	title = {{BPF Compiler Collection (BCC)}},
	url = {https://github.com/iovisor/bcc},
}

@techreport{facebook_katran_ebpf_2018,
	title = {Open-sourcing {Katran}, a scalable network load balancer},
	url = {https://engineering.fb.com/2018/05/22/open-source/open-sourcing-katran-a-scalable-network-load-balancer/},
	language = {en-US},
	urldate = {2021-05-13},
	journal = {Facebook Engineering},
	month = may,
	year = {2018},
	keywords = {web},
}

@techreport{cilium_io_page,
	title = {{eBPF-based Networking, Observability, and Security}},
	url = {https://cilium.io//how-netflix-uses-ebpf-flow-logs-at-scale-for-network-insight-e3ea997dca96},
}

@techreport{alibaba_cloud_ebpf,
	title = {How {Does} {Alibaba} {Cloud} {Build} {High}-{Performance} {Cloud}-{Native} {Pod} {Networks} in {Production} {Environments}?},
	url = {https://www.alibabacloud.com/blog/how-does-alibaba-cloud-build-high-performance-cloud-native-pod-networks-in-production-environments_596590},
	language = {en},
	urldate = {2021-05-13},
	journal = {Alibaba Cloud Community},
	keywords = {web},
}


@incollection{netflix_network_insight,
	title = {{How Netflix uses eBPF flow logs at scale for network insight}},
	url = {https://netflixtechblog.com/how-netflix-uses-ebpf-flow-logs-at-scale-for-network-insight-e3ea997dca96},
	keywords = {web},
}

@article{raiciu_improving_nodate,
	author = {Raiciu, Costin and Barre, Sebastien and Pluntke, Christopher and Greenhalgh, Adam and Wischik, Damon and Handley, Mark},
	title = {Improving Datacenter Performance and Robustness with Multipath TCP},
	year = {2011},
	issue_date = {August 2011},
	publisher = {Association for Computing Machinery},
	address = {New York, NY, USA},
	volume = {41},
	number = {4},
	issn = {0146-4833},
	url = {https://doi.org/10.1145/2043164.2018467},
	doi = {10.1145/2043164.2018467},
	journal = {SIGCOMM Comput. Commun. Rev.},
	month = {aug},
	pages = {266–277},
	numpages = {12},
	keywords = {data center, mptcp}
}


@article{burd_zeppelin_2019,
	title = {“{Zeppelin}”: {An} {SoC} for {Multichip} {Architectures}},
	volume = {54},
	issn = {1558-173X},
	doi = {10.1109/JSSC.2018.2873584},
	number = {1},
	journal = {IEEE Journal of Solid-State Circuits},
	author = {Burd, Thomas and Beck, Noah and White, Sean and Paraschou, Milam and Kalyanasundharam, Nathan and Donley, Gregg and Smith, Alan and Hewitt, Larry and Naffziger, Samuel},
	month = jan,
	year = {2019},
	note = {Conference Name: IEEE Journal of Solid-State Circuits},
	keywords = {14 nm, Bandwidth, Fabrics, high-frequency design, microprocessors, multi-chip module (MCM), Probes, Protocols, scalable fabric, Servers, Switches, system-on-a-chip (SoC) architecture, Topology},
}


@inproceedings{shooman_algorithms_1995,
	title = {Algorithms for network reliability and connection availability analysis},
	doi = {10.1109/ELECTR.1995.471030},
	booktitle = {Proceedings of {Electro}/{International} 1995},
	author = {Shooman, A.M.},
	month = jun,
	year = {1995},
	keywords = {Artificial satellites, Availability, Communication networks, Computer network reliability, Computer networks, Copper, Optical fibers, Satellite broadcasting, Telecommunication network reliability, Wire},
	pages = {309--333},
}


@article{gozdecki_quality_2003,
	title = {Quality of service terminology in {IP} networks},
	volume = {41},
	issn = {1558-1896},
	doi = {10.1109/MCOM.2003.1186560},
	number = {3},
	journal = {IEEE Communications Magazine},
	author = {Gozdecki, J. and Jajszczyk, A. and Stankiewicz, R.},
	month = mar,
	year = {2003},
	note = {Conference Name: IEEE Communications Magazine},
	keywords = {Context-aware services, Control systems, Diffserv networks, Environmental management, Intelligent networks, IP networks, Laser sintering, Quality of service, Telecommunication standards, Terminology},
}


@article{chen_overview_1998,
	title = {An overview of quality of service routing for next-generation high-speed networks: problems and solutions},
	volume = {12},
	issn = {1558-156X},
	shorttitle = {An overview of quality of service routing for next-generation high-speed networks},
	doi = {10.1109/65.752646},
	number = {6},
	journal = {IEEE Network},
	author = {Chen, Shigang and Nahrstedt, K.},
	month = nov,
	year = {1998},
	note = {Conference Name: IEEE Network},
	keywords = {Broadband communication, High-speed networks, Intserv networks, Multicast algorithms, Multimedia communication, Next generation networking, Partitioning algorithms, Quality of service, Resource management, Routing},
}



@article{yousaf_nfv_sdn_key_techno_for_5g2017,
	title = {{NFV} and {SDN}—{Key} {Technology} {Enablers} for {5G} {Networks}},
	volume = {35},
	issn = {1558-0008},
	doi = {10.1109/JSAC.2017.2760418},
	number = {11},
	journal = {IEEE Journal on Selected Areas in Communications},
	author = {Yousaf, Faqir Zarrar and Bredel, Michael and Schaller, Sibylle and Schneider, Fabian},
	month = nov,
	year = {2017},
	note = {Conference Name: IEEE Journal on Selected Areas in Communications},
	keywords = {5G mobile communication, 5G networks, Cloud computing, Computer architecture, Mobile computing, NFV, SDN, Virtual machining},
	pages = {2468--2478},
}



@article{sun_integrating_2015,
	title = {Integrating network function virtualization with {SDR} and {SDN} for {4G}/{5G} networks},
	volume = {29},
	issn = {1558-156X},
	doi = {10.1109/MNET.2015.7113226},
	number = {3},
	journal = {IEEE Network},
	author = {Sun, Songlin and Kadoch, Michel and Gong, Liang and Rong, Bo},
	month = may,
	year = {2015},
	note = {Conference Name: IEEE Network},
	keywords = {4G mobile communication, 5G mobile communication, Computer architecture, MIMO, Mobile communication, Mobile computing, Network architecture, Software radio, Telecommunication standards, Virtualization, Wireless communication},
	pages = {54--59},
}


@article{paasch_multipath_2014,
	title = {Multipath {TCP}: {Decoupled} from {IP}, {TCP} is at last able to support multihomed hosts.},
	volume = {12},
	issn = {1542-7730, 1542-7749},
	shorttitle = {Multipath {TCP}},
	url = {https://dl.acm.org/doi/10.1145/2578508.2591369},
	doi = {10.1145/2578508.2591369},
	language = {en},
	number = {2},
	urldate = {2023-06-13},
	journal = {Queue},
	author = {Paasch, Christoph and Bonaventure, Olivier},
	month = feb,
	year = {2014},
	pages = {40--51},
}

@article{karlsson_path_to_dpdk_speednodate,
	title = {The {Path} to {DPDK} {Speeds} for {AF} {XDP}},
	language = {en},
	author = {Karlsson, Magnus and Topel, Bjorn},
	url = {http://vger.kernel.org/lpc_net2018_talks/lpc18_paper_af_xdp_perf-v2.pdf},
}


@article{lwn_detect_kernel_mem_leak,
	title = {Detecting kernel memory leaks [{LWN}.net]},
	url = {https://lwn.net/Articles/187979/},
	urldate = {2023-06-18},
}

@article{lwn_intro_ebpf,
	title = {A thorough introduction to {eBPF} [{LWN}.net]},
	url = {https://lwn.net/Articles/740157/},
	urldate = {2023-06-18},
}


@inproceedings{McCanne_intro_bpf,
	author = {McCanne, Steven and Jacobson, Van},
	title = {The BSD Packet Filter: A New Architecture for User-Level Packet Capture},
	year = {1993},
	publisher = {USENIX Association},
	address = {USA},
	booktitle = {Proceedings of the USENIX Winter 1993 Conference Proceedings on USENIX Winter 1993 Conference Proceedings},
	pages = {2},
	numpages = {1},
	location = {San Diego, California},
	series = {USENIX'93},
	url = {https://www.tcpdump.org/papers/bpf-usenix93.pdf},
}


@inproceedings{kourtis_enhancing_2015,
	title = {Enhancing {VNF} performance by exploiting {SR}-{IOV} and {DPDK} packet processing acceleration},
	doi = {10.1109/NFV-SDN.2015.7387409},
	booktitle = {2015 {IEEE} {Conference} on {Network} {Function} {Virtualization} and {Software} {Defined} {Network} ({NFV}-{SDN})},
	author = {Kourtis, Michail-Alexandros and Xilouris, Georgios and Riccobene, Vincenzo and McGrath, Michael J. and Petralia, Giuseppe and Koumaras, Harilaos and Gardikis, Georgios and Liberal, Fidel},
	month = nov,
	year = {2015},
	keywords = {Conferences, Decision support systems, DPDK, DPI, Inspection, LibPCAP, NFV, Performance evaluation, Software defined networking, SR-IOV, Virtualization, VNF},
	pages = {74--78},
}



@inproceedings{pongracz_removing_2013,
	title = {Removing {Roadblocks} from {SDN}: {OpenFlow} {Software} {Switch} {Performance} on {Intel} {DPDK}},
	shorttitle = {Removing {Roadblocks} from {SDN}},
	doi = {10.1109/EWSDN.2013.17},
	booktitle = {2013 {Second} {European} {Workshop} on {Software} {Defined} {Networks}},
	author = {Pongrácz, Gergely and Molnár, László and Kis, Zoltán Lajos},
	month = oct,
	year = {2013},
	note = {ISSN: 2379-0369},
	keywords = {Abstracts, Algorithm design and analysis, Data Plane, Efficiency, OpenFlow, Optimization, Performance, Prototypes, Software, Software Defined Networking, Switches, Workstations},
	pages = {62--67},
}



@inproceedings{hoiland_jorgensen_express_2018,
	address = {Heraklion Greece},
	title = {The {eXpress} data path: fast programmable packet processing in the operating system kernel},
	isbn = {978-1-4503-6080-7},
	shorttitle = {The {eXpress} data path},
	url = {https://dl.acm.org/doi/10.1145/3281411.3281443},
	doi = {10.1145/3281411.3281443},
	language = {en},
	urldate = {2023-06-15},
	booktitle = {Proceedings of the 14th {International} {Conference} on emerging {Networking} {EXperiments} and {Technologies}},
	publisher = {ACM},
	author = {Høiland-Jørgensen, Toke and Brouer, Jesper Dangaard and Borkmann, Daniel and Fastabend, John and Herbert, Tom and Ahern, David and Miller, David},
	month = dec,
	year = {2018},
	pages = {54--66},
}


@inproceedings{emamdoost_detecting_2021,
	address = {Virtual},
	title = {Detecting {Kernel} {Memory} {Leaks} in {Specialized} {Modules} with {Ownership} {Reasoning}},
	isbn = {978-1-891562-66-2},
	url = {https://www.ndss-symposium.org/wp-content/uploads/ndss2021_5B-4_24416_paper.pdf},
	doi = {10.14722/ndss.2021.24416},
	language = {en},
	urldate = {2023-06-18},
	booktitle = {Proceedings 2021 {Network} and {Distributed} {System} {Security} {Symposium}},
	publisher = {Internet Society},
	author = {Emamdoost, Navid and Wu, Qiushi and Lu, Kangjie and McCamant, Stephen},
	year = {2021},
}
